@article{HUMP96,
  author={William Humphrey and Andrew Dalke and Klaus Schulten},
  title={{VMD} -- {V}isual {M}olecular {D}ynamics},
  journal={Journal of Molecular Graphics},
  year=1996,
  volume=14,
  pages={33-38},
  note={},
  tbstatus={Published.},
  techrep={},
  tbreference={222}
}
@misc{2021Harmonic,
	note = {[Online; accessed 2022-01-22]},
	year = {2021},
	month = {nov 15},
	publisher = {},
        howpublished = {\url{https://chem.libretexts.org/@go/page/13415}}
        title = {The {Harmonic} {Oscillator} {Approximates} {Molecular} {Vibrations}},
}

